<record><leader>00000cas a22000007a 4500</leader><controlfield tag="001">14204514</controlfield><controlfield tag="008">860911d18991905pauwr ne      0    0eng d</controlfield><datafield ind1=" " ind2=" " tag="010"><subfield code="a">sn 86081793 </subfield></datafield><datafield ind1=" " ind2=" " tag="040"><subfield code="a">NPH</subfield><subfield code="b">eng</subfield><subfield code="c">NPH</subfield><subfield code="d">OCLCQ</subfield></datafield><datafield ind1=" " ind2=" " tag="042"><subfield code="a">msc</subfield></datafield><datafield ind1="0" ind2=" " tag="130"><subfield code="a">Sullivan County herald (Dushore, Pa.)</subfield></datafield><datafield ind1="1" ind2="0" tag="245"><subfield code="a">Sullivan County herald.</subfield></datafield><datafield ind1=" " ind2=" " tag="260"><subfield code="a">Dushore, Sullivan County, Pa. :</subfield><subfield code="b">Scouton &amp; Hugo</subfield></datafield><datafield ind1=" " ind2=" " tag="300"><subfield code="a">v. ;</subfield><subfield code="c">68 cm.</subfield></datafield><datafield ind1=" " ind2=" " tag="310"><subfield code="a">Weekly</subfield></datafield><datafield ind1="1" ind2=" " tag="362"><subfield code="a">Began in 1899; ceased in 1905.</subfield><subfield code="z">Cf. Rossell, G. Pa. newspapers.</subfield></datafield><datafield ind1=" " ind2=" " tag="500"><subfield code="a">Published every Wednesday.</subfield></datafield><datafield ind1=" " ind2=" " tag="588"><subfield code="a">Description based on: Vol. 2, no. 29 (Oct. 24, 1900).</subfield></datafield><datafield ind1=" " ind2=" " tag="752"><subfield code="a">United States</subfield><subfield code="b">Pennsylvania</subfield><subfield code="c">Sullivan</subfield><subfield code="d">Dushore.</subfield></datafield><datafield ind1="0" ind2="7" tag="785"><subfield code="t">Sullivan gazette</subfield><subfield code="w">(DLC)sn 86081792</subfield></datafield><datafield ind1="0" ind2="7" tag="785"><subfield code="t">Gazette and herald</subfield><subfield code="w">(DLC)sn 86081794</subfield></datafield></record>